<record><leader>00000cas a2200000 a 4500</leader><controlfield tag="001">18604305</controlfield><controlfield tag="008">881013d19051915iludn ne      0    0eng c</controlfield><datafield ind1=" " ind2=" " tag="010"><subfield code="a">sn 88061227 </subfield></datafield><datafield ind1=" " ind2=" " tag="040"><subfield code="a">KNP</subfield><subfield code="b">eng</subfield><subfield code="c">KNP</subfield><subfield code="d">NVF</subfield><subfield code="d">KNP</subfield><subfield code="d">NVF</subfield><subfield code="d">OCLCF</subfield><subfield code="d">OCLCO</subfield></datafield><datafield ind1="1" ind2=" " tag="029"><subfield code="a">AU@</subfield><subfield code="b">000020667909</subfield></datafield><datafield ind1=" " ind2=" " tag="042"><subfield code="a">pcc</subfield></datafield><datafield ind1=" " ind2=" " tag="043"><subfield code="a">n-us-il</subfield></datafield><datafield ind1="0" ind2="0" tag="245"><subfield code="a">Urbana courier-herald.</subfield></datafield><datafield ind1="3" ind2=" " tag="246"><subfield code="a">Urbana courier herald</subfield></datafield><datafield ind1="1" ind2="7" tag="246"><subfield code="a">Urbana daily courier</subfield><subfield code="f">Dec. 5, 1905</subfield></datafield><datafield ind1=" " ind2=" " tag="260"><subfield code="a">Urbana, Ill. :</subfield><subfield code="b">Urbana Courier Co.,</subfield><subfield code="c">1905-1915.</subfield></datafield><datafield ind1=" " ind2=" " tag="300"><subfield code="a">v.</subfield></datafield><datafield ind1=" " ind2=" " tag="310"><subfield code="a">Daily (except Sunday and holidays),</subfield><subfield code="b">June 8, 1912-Mar. 6, 1915</subfield></datafield><datafield ind1=" " ind2=" " tag="321"><subfield code="a">Daily,</subfield><subfield code="b">Dec. 5, 1905-&lt;Dec. 26, 1905&gt;</subfield></datafield><datafield ind1=" " ind2=" " tag="321"><subfield code="a">Daily (except Monday),</subfield><subfield code="b">&lt;Feb. 11, 1906&gt;-Mar. 20, 1906</subfield></datafield><datafield ind1=" " ind2=" " tag="321"><subfield code="a">Daily (except Sunday evening and Monday morning),</subfield><subfield code="b">&lt;Mar. 22, 1906&gt;-June 7, 1912</subfield></datafield><datafield ind1="0" ind2=" " tag="362"><subfield code="a">Vol. 9, no. 96 (Dec. 5, 1905)-v. 16, no. 15 (Dec. 26, 1912) ; v. 36, no. 52 (Dec. 27, 1912) ; v. 25, no. 20 (Dec. 28, 1912)-27th year, no. 76 (Mar. 6, 1915).</subfield></datafield><datafield ind1=" " ind2=" " tag="500"><subfield code="a">"Official paper of Champaign County," Sept. 16, 1909-Oct. 8. 1910.</subfield></datafield><datafield ind1=" " ind2=" " tag="515"><subfield code="a">Issues for Dec. 6-7, 1905 misnumbered, v. 9, no. 96 repeated.</subfield></datafield><datafield ind1=" " ind2=" " tag="580"><subfield code="a">Weekly ed.: Weekly courier-herald, &lt;1910&gt;</subfield></datafield><datafield ind1=" " ind2=" " tag="580"><subfield code="a">Formed by the union of: Urbana courier (Urbana, Ill. : 1905) and: Champaign County herald (Urbana, Ill. : Daily).</subfield></datafield><datafield ind1=" " ind2="0" tag="651"><subfield code="a">Urbana (Ill.)</subfield><subfield code="v">Newspapers.</subfield></datafield><datafield ind1=" " ind2="0" tag="651"><subfield code="a">Champaign County (Ill.)</subfield><subfield code="v">Newspapers.</subfield></datafield><datafield ind1=" " ind2="7" tag="655"><subfield code="a">Newspapers.</subfield><subfield code="2">fast</subfield><subfield code="0">(OCoLC)fst01423814</subfield></datafield><datafield ind1=" " ind2="7" tag="651"><subfield code="a">Illinois</subfield><subfield code="z">Champaign County.</subfield><subfield code="2">fast</subfield><subfield code="0">(OCoLC)fst01208069</subfield></datafield><datafield ind1=" " ind2="7" tag="651"><subfield code="a">Illinois</subfield><subfield code="z">Urbana.</subfield><subfield code="2">fast</subfield><subfield code="0">(OCoLC)fst01211927</subfield></datafield><datafield ind1=" " ind2=" " tag="752"><subfield code="a">United States</subfield><subfield code="b">Illinois</subfield><subfield code="c">Champaign</subfield><subfield code="d">Urbana.</subfield></datafield><datafield ind1="1" ind2=" " tag="775"><subfield code="t">Weekly courier-herald</subfield><subfield code="w">(DLC)sn 88061232</subfield><subfield code="w">(OCoLC)18605726</subfield></datafield><datafield ind1="1" ind2="4" tag="780"><subfield code="t">Urbana courier (Urbana, Ill. : 1905)</subfield><subfield code="w">(DLC)sn 88061226</subfield><subfield code="w">(OCoLC)18603998</subfield></datafield><datafield ind1="1" ind2="4" tag="780"><subfield code="t">Champaign County herald (Urbana, Ill. : Daily)</subfield></datafield><datafield ind1="0" ind2="0" tag="785"><subfield code="t">Urbana daily courier (Urbana, Ill. : 1915)</subfield><subfield code="w">(DLC)sn 88061228</subfield><subfield code="w">(OCoLC)18604661</subfield></datafield><datafield ind1="4" ind2="1" tag="856"><subfield code="3">(Dec. 5, 1905-mar. 6, 1915) available online:</subfield><subfield code="u">www.library.illinois.edu/dnc/idnc</subfield></datafield></record>